<?xml version="1.0" encoding="UTF-8"?><collection xmlns="http://www.loc.gov/MARC21/slim"><record><leader>00458nam--2200145-i-4500</leader><controlfield tag="001">000009279</controlfield><controlfield tag="002">20161230</controlfield><controlfield tag="005">20170208152601</controlfield><controlfield tag="008">060222s1000------------r-----000-0-eng-d</controlfield><datafield ind1=" " ind2=" " tag="100"><subfield code="a">Cojocaru, L. N</subfield></datafield><datafield ind1=" " ind2=" " tag="245"><subfield code="a">Efectul radiatiilor nucleare asupra proprietat ilor electrice ale maselor din sistemul uo2- sio2</subfield><subfield code="b">teza de doctorat</subfield></datafield><datafield ind1=" " ind2=" " tag="260"><subfield code="a">Bucuresti</subfield><subfield code="b">Institutul De Fizica Atoica</subfield><subfield code="c">1967</subfield></datafield><datafield ind1=" " ind2=" " tag="300"><subfield code="a">84 p</subfield></datafield><datafield ind1=" " ind2=" " tag="852"><subfield code="a">621.039.54</subfield></datafield><datafield ind1=" " ind2=" " tag="CAT"><subfield code="a">SYS</subfield><subfield code="c">20170208</subfield><subfield code="h">152601</subfield></datafield></record></collection>